<record><leader>00000cas a22000007a 4500</leader><controlfield tag="001">37628177</controlfield><controlfield tag="008">970916d18771uuusduwr ne      0   a0eng d</controlfield><datafield ind1=" " ind2=" " tag="010"><subfield code="a">sn 97065867 </subfield></datafield><datafield ind1=" " ind2=" " tag="040"><subfield code="a">SXN</subfield><subfield code="b">eng</subfield><subfield code="c">SXN</subfield><subfield code="d">OCLCQ</subfield><subfield code="d">OCLCF</subfield><subfield code="d">OCLCO</subfield></datafield><datafield ind1="1" ind2=" " tag="029"><subfield code="a">AU@</subfield><subfield code="b">000013497263</subfield></datafield><datafield ind1=" " ind2=" " tag="042"><subfield code="a">msc</subfield></datafield><datafield ind1=" " ind2=" " tag="043"><subfield code="a">n-us-sd</subfield></datafield><datafield ind1="0" ind2="4" tag="245"><subfield code="a">The Black Hills champion.</subfield></datafield><datafield ind1=" " ind2=" " tag="250"><subfield code="a">Weekly ed.</subfield></datafield><datafield ind1=" " ind2=" " tag="260"><subfield code="a">Deadwood, Black Hills, D.T. [S.D. :</subfield><subfield code="b">Charles Collins]</subfield></datafield><datafield ind1=" " ind2=" " tag="300"><subfield code="a">v.</subfield></datafield><datafield ind1=" " ind2=" " tag="310"><subfield code="a">Weekly</subfield></datafield><datafield ind1="1" ind2=" " tag="362"><subfield code="a">Began in 1877.</subfield></datafield><datafield ind1=" " ind2=" " tag="500"><subfield code="a">Published in: Deadwood, &lt;June 25-Aug. 27, 1877&gt;; and in: Central City, &lt;Oct. 27-Dec. 30, 1877&gt;</subfield></datafield><datafield ind1=" " ind2=" " tag="530"><subfield code="a">Available on microfilm from: Minnesota Historical Society and State Archives, South Dakota State Historical Society.</subfield></datafield><datafield ind1=" " ind2=" " tag="580"><subfield code="a">Daily ed.: Daily champion (Deadwood, S.D.).</subfield></datafield><datafield ind1=" " ind2=" " tag="588"><subfield code="a">Description based on: Vol. 1, no. 3 (June 25, 1877).</subfield></datafield><datafield ind1=" " ind2="0" tag="651"><subfield code="a">Deadwood (S.D.)</subfield><subfield code="v">Newspapers.</subfield></datafield><datafield ind1=" " ind2="0" tag="651"><subfield code="a">Lawrence County (S.D.)</subfield><subfield code="v">Newspapers.</subfield></datafield><datafield ind1=" " ind2="7" tag="655"><subfield code="a">Newspapers.</subfield><subfield code="2">fast</subfield><subfield code="0">(OCoLC)fst01423814</subfield></datafield><datafield ind1=" " ind2="7" tag="651"><subfield code="a">South Dakota</subfield><subfield code="z">Deadwood.</subfield><subfield code="2">fast</subfield><subfield code="0">(OCoLC)fst01209401</subfield></datafield><datafield ind1=" " ind2="7" tag="651"><subfield code="a">South Dakota</subfield><subfield code="z">Lawrence County.</subfield><subfield code="2">fast</subfield><subfield code="0">(OCoLC)fst01209432</subfield></datafield><datafield ind1="1" ind2=" " tag="700"><subfield code="a">Collins, Charles,</subfield><subfield code="c">writer of directories.</subfield></datafield><datafield ind1=" " ind2=" " tag="752"><subfield code="a">United States</subfield><subfield code="b">South Dakota</subfield><subfield code="c">Lawrence</subfield><subfield code="d">Deadwood.</subfield></datafield><datafield ind1="1" ind2=" " tag="775"><subfield code="t">Daily champion (Deadwood, S.D.)</subfield><subfield code="w">(DLC)sn 93057085</subfield></datafield></record>